% BIBLIOGRAFÍA

@ARTICLE{Estudioppal,
	author = 	{Martín-Santos, R and Gelabert, Estel and Subirá, Susana and Gutierrez-Zotes, Alfonso and Langohr, K and Jover, Manuel and Torrens, Marta and Guillamat, Roser and Mayoral, Fermín and Canellas, F and L Iborra, J and Gratacòs, Monica and Costas, Javier and Ben Hirsch-Gornemann, Miriam and Navinés, R and Guitart, M and Roca, Miquel and DE Frutos, R and Vilella, Elisabet and Sanjuan, Julio},
	year = 		  {2012},
	pages = 	{1559-65},
	title = 	   {Research Letter: Is neuroticism a risk factor for postpartum depression?},
	volume =   {42},
	journal = 	{Psychological medicine},
	doi = 	      {10.1017/S0033291712000712}
}

@MASTERSTHESIS{Silvia,
	author = 	{Pérez Fernández, Silvia},
	title =        {Estimación del riesgo relativo mediante el modelo log-binomial},
	school =    {Universitat Politècnica de Catalunya},
	year =        {2016},
	type =        {Trabajo Final de Máster},
	address =  {Barcelona},
	month =    {Junio}
}

@MANUAL{Epitools,
	title = 		{epitools: Epidemiology Tools},
	author = 	{Tomas J. Aragon},
	year = 		 {2017},
	note = 		 {R package version 0.5-10},
	url = 		   {https://CRAN.R-project.org/package=epitools}
}

@article{DatosEjemplo,
	author = {Barros, Alu{\'i}sio JD and Hirakata, V{\^a}nia N.},
	title = {Alternatives for logistic regression in cross-sectional studies: an empirical comparison of models that directly estimate the prevalence ratio},
	journal = {BMC Medical Research Methodology},
	year = {2003},
	volume = {3},
	OPTnumber = {1},
	month = {10},
	pages = {21},
	url = {https://doi.org/10.1186/1471-2288-3-21},
}

@article{Hernandez,
	author = {Hernández-Avila, Mauricio and Garrido-Latorre, Francisco and López-Moreno, Sergio},
	title = {Diseño de estudios epidemiológicos},
	journal = {Salud Pública de México},
	year = {2000},
	volume = {42},
	OPTnumber = {2},
	pages = {144--154},
	issn = {1606-7916},
}

@MISC{Medica,
	author =	  {Langohr, Klaus},
	title =				 {Apuntes de la asignatura de Estadística Médica},
	year = 			  {2018}
}

@MISC{Mlgz,
	author =	  {Sánchez, Josep Anton and Montero, Lídia},
	title = 			{Apuntes de la asignatura de Modelos Lineales Generalizados},
	year = 			  {2018}
}

@book{hosmer,
	title={Applied logistic regression},
	author={Hosmer, David W and Lemeshow, Stanley},
	edition={Second},
	year={2000},
	publisher={John Wiley \& Sons}
}

@article{logbinom1,
	author = {Blizzard, L and Hosmer, David},
	year = {2006},
	pages = {5-22},
	title = {Parameter Estimates and Goodness-of-Fit in Log Binomial Regression},
	volume = {48},
	journal = {Biometrical journal. Biometrische Zeitschrift},
}

@article{logbinom2,
   author = {Mark Donoghoe and Ian Marschner},
   title = {logbin: An R Package for Relative Risk Regression Using the Log-Binomial Model},
   journal = {Journal of Statistical Software, Articles},
   volume = {86},
   number = {9},
   year = {2018},
   issn = {1548-7660},
   pages = {1--22}
}

@Manual{R,
	title = {R: A Language and Environment for Statistical Computing},
	author = {{R Core Team}},
	organization = {R Foundation for Statistical Computing},
	address = {Vienna, Austria},
	year = {2019},
	url = {http://www.R-project.org/},
}

@Manual{logbinR,
	title = {logbin: Relative Risk Regression Using the Log-Binomial Model},
	author = {Mark W. Donoghoe},
	year = {2018},
	note = {R package version 2.0.4},
	url = {https://CRAN.R-project.org/package=logbin},
}

@Manual{rms,
	title = {Regression Modeling Strategies},
	author = {Frank E Harrell},
	year = {2019},
	note = {R package version 5.1-3},
	url = {http://biostat.mc.vanderbilt.edu/rms},
}

@article{otrosestudios1, 
	title={“Atypical” Depression Following Childbirth}, 
	volume={114}, 
	DOI={10.1192/bjp.114.516.1325}, 
	number={516}, 
	journal={British Journal of Psychiatry}, 
	publisher={Cambridge University Press}, 
	author={Pitt, Brice}, 
	year={1968}, 
	pages={1325–1335}
}

@article{otrosestudios2,
	title={Psychological correlates of depression in fathers and mothers in the first postnatal year},
	author={Dudley, Michael and Roy, Kay and Kelk, Norman and Bernard, Diana},
	journal={Journal of Reproductive and Infant Psychology},
	volume={19},
	number={3},
	pages={187--202},
	year={2001},
	publisher={Taylor \& Francis}
}

@MISC{otrosestudios3,
	title={Personality and psychopathology},
	author={Gunderson, JG and Triebwasser, J and Phillips, KA and Sullivan, CN and Cloninger, CR},
	year={1999},
	publisher={American Psychiatric Press Washington, DC:}
}

@manual{cuest1,
	author = {H J Eysenk and S B G Eysenk},
	title = {Cuestionario revisado de personalidad de Eysenck: versiones completa (EPQ-R) y abreviada (EPQ-RS)},
	year = {2001},
}

@article{cuest2,
	title={Psychosocial stressors may be strongly associated with suicide attempts},
	author={Baca-Garcia, Enrique and Parra, Claudia P and Perez-Rodriguez, M Mercedes and Sastre, Carmen Diaz and Torres, Raquel Reyes and Saiz-Ruiz, Jeronimo and de Leon, Jose},
	journal={Stress and Health: Journal of the International Society for the Investigation of Stress},
	volume={23},
	number={3},
	pages={191--198},
	year={2007},
	publisher={Wiley Online Library}
}

@article{cuest3,
	title={Validez y fiabilidad del cuestionario de apoyo social funcional Duke-UNC-11},
	author={Bell{\'o}n, JA and Delgado, A and De Dios Luna, J and Lardelli, P},
	journal={Atenci{\'o}n primaria},
	volume={18},
	pages={153--163},
	year={1996},
	publisher={PUBLICACIONES PROFESIONALES INTERNACIONALES}
}

@article{cuest4,
	title={Validation of the Edinburgh postnatal depression scale (EPDS) in Spanish mothers},
	author={Garcia-Esteve, Llu{\i}̈sa and Ascaso, Carlos and Ojuel, Julia and Navarro, Puri},
	journal={Journal of affective disorders},
	volume={75},
	number={1},
	pages={71--76},
	year={2003},
	publisher={Elsevier}
}

@article{bondad,
	ISSN = {0006341X, 15410420},
	URL = {http://www.jstor.org/stable/2532385},
	author = {Le Cessie, S. and van Houwelingen, J. C.},
	journal = {Biometrics},
	number = {4},
	pages = {1267--1282},
	publisher = {[Wiley, International Biometric Society]},
	title = {A Goodness-of-Fit Test for Binary Regression Models, Based on Smoothing Methods},
	volume = {47},
	year = {1991}
}

@inproceedings{COPY,
	title={Estimation of prevalence ratios when PROC GENMOD does not converge},
	author={James A. Deddens},
	year={2002}
}

@article{COPY2,
	author = {Lumley, Thomas and Kronmal, Richard and Ma, Shuangge},
	year = {2006},
	month = {01},
	title = {Relative Risk Regression in Medical Research: Models, Contrasts, Estimators, and Algorithms},
	volume = {293},
	journal = {UW Biostatistics Working Paper Series}
}

@Manual{hoslemtest,
	title = {ResourceSelection: Resource Selection (Probability) Functions for Use-Availability
	Data},
	author = {Subhash R. Lele and Jonah L. Keim and Peter Solymos},
	year = {2019},
	note = {R package version 0.3-4},
	url = {https://CRAN.R-project.org/package=ResourceSelection},
}

@article{limitacioneshosmer,
	author = {Hosmer, D. W. and Hosmer, T. and Le Cessie, S. and Lemeshow, S.},
	title = {A Comparison of Goodness-of-fit Tests for the Logistic Regression Model},
	journal = {Statistics in Medicine},
	volume = {16},
	number = {9},
	pages = {965-980},
	doi = {10.1002/(SICI)1097-0258(19970515)16:9<965::AID-SIM509>3.0.CO;2-O},
	url = {https://onlinelibrary.wiley.com/doi/abs/10.1002/%28SICI%291097-0258%2819970515%2916%3A9%3C965%3A%3AAID-SIM509%3E3.0.CO%3B2-O},
	year = {1997}
}


 @Manual{safebinary,
	title = {safeBinaryRegression: Safe Binary Regression},
	author = {Kjell Konis},
	year = {2019},
	note = {R package version 0.1-3},
	url = {https://CRAN.R-project.org/package=safeBinaryRegression}
}

@article{separation,
	author = {Heinze, Georg and Schemper, Michael},
	title = {A solution to the problem of separation in logistic regression},
	journal = {Statistics in Medicine},
	volume = {21},
	number = {16},
	pages = {2409-2419},
	keywords = {bias reduction, case-control studies, infinite estimates, monotone likelihood, penalized likelihood, profile likelihood},
	doi = {10.1002/sim.1047},
	year = {2002}
}

@MASTERSTHESIS{tfm2,
	author = 	{Iglesias Cabo, Tania},
	title =        {Métodos de Bondad de Ajuste en Regresión Logística},
	school =    {Universidad de Granada},
	year =        {2013},
	type =        {Trabajo Final de Máster},
	address =  {Granada}
}