@book{lantz2015machine,
  title={Machine learning with R},
  author={Lantz, Brett},
  year={2015},
  publisher={Packt Publishing Ltd}
}

@book{maindonald2006data,
  title={Data analysis and graphics using R: an example-based approach},
  author={Maindonald, John and Braun, John},
  volume={10},
  year={2006},
  publisher={Cambridge University Press}
}

@book{baayen2008analyzing,
  title={Analyzing linguistic data: A practical introduction to statistics using R},
  author={Baayen, R Harald},
  year={2008},
  publisher={Cambridge University Press}
}

@article{baumer2014r,
  title={R Markdown: Integrating a reproducible analysis tool into introductory statistics},
  author={Baumer, Ben and Cetinkaya-Rundel, Mine and Bray, Andrew and Loi, Linda and Horton, Nicholas J},
  journal={arXiv preprint arXiv:1402.1894},
  year={2014}
}